@book{gerwen2002business,
  title={Business en ethiek, Spelregels voor ethisch ondernemen},
  author={Gerwen, J van and Verstraeten, L and Liederkerke, L van},
  year={2002},
  publisher={Tielt: Lannoo}
}
